<record><leader>00000cas a2200000Ia 4500</leader><controlfield tag="001">39366654</controlfield><controlfield tag="008">980629c19649999sduwr ne      0   a0eng d</controlfield><datafield ind1=" " ind2=" " tag="010"><subfield code="a">sn 98069048 </subfield></datafield><datafield ind1=" " ind2=" " tag="040"><subfield code="a">SDB</subfield><subfield code="b">eng</subfield><subfield code="c">SDB</subfield><subfield code="d">SXN</subfield><subfield code="d">OCLCQ</subfield></datafield><datafield ind1=" " ind2=" " tag="043"><subfield code="a">n-us-sd</subfield></datafield><datafield ind1=" " ind2="4" tag="050"><subfield code="a">AN40</subfield><subfield code="b">.M63</subfield></datafield><datafield ind1="0" ind2=" " tag="130"><subfield code="a">Mobridge tribune (Mobridge, S.D. : 1964)</subfield></datafield><datafield ind1="1" ind2="4" tag="245"><subfield code="a">The Mobridge tribune.</subfield></datafield><datafield ind1=" " ind2=" " tag="260"><subfield code="a">Mobridge, S.D. :</subfield><subfield code="b">Gene Chamberlin</subfield></datafield><datafield ind1=" " ind2=" " tag="300"><subfield code="a">v. :</subfield><subfield code="b">ill.</subfield></datafield><datafield ind1=" " ind2=" " tag="310"><subfield code="a">Weekly</subfield></datafield><datafield ind1="0" ind2=" " tag="362"><subfield code="a">Vol. 58, no. 10 (Oct. 8, 1964)-</subfield></datafield><datafield ind1=" " ind2=" " tag="530"><subfield code="a">Available on microfilm from: State Archives, South Dakota State Historical Society.</subfield></datafield><datafield ind1=" " ind2="0" tag="651"><subfield code="a">Mobridge (S.D.)</subfield><subfield code="v">Newspapers.</subfield></datafield><datafield ind1=" " ind2="0" tag="651"><subfield code="a">Walworth County (S.D.)</subfield><subfield code="v">Newspapers.</subfield></datafield><datafield ind1=" " ind2=" " tag="752"><subfield code="a">United States</subfield><subfield code="b">South Dakota</subfield><subfield code="c">Walworth</subfield><subfield code="d">Mobridge.</subfield></datafield><datafield ind1="0" ind2="0" tag="780"><subfield code="t">Mobridge tribune and the Mobridge journal</subfield><subfield code="w">(DLC)sn 98069047</subfield></datafield><datafield ind1="4" ind2="1" tag="856"><subfield code="u">http://www.mobridgetribune.com</subfield></datafield></record>